

@article{ma06_segreg_wettin_trans_at_disloc,
  author =	 {N. Ma and C. Shen and S. A. Dregia and Y. Wang},
  title =	 {Segregation and Wetting Transition At Dislocations},
  journal =	 {Metallurgical and Materials Transactions A},
  volume =	 37,
  number =	 6,
  pages =	 {1773-1783},
  year =	 2006,
  doi =		 {10.1007/s11661-006-0119-6},
  url =		 {https://doi.org/10.1007/s11661-006-0119-6},
  DATE_ADDED =	 {Mon Dec 16 21:59:56 2019},
}

