@unpublished{AxPyMOL,
	Author = {{Schr\"odinger, LLC}},
	Date-Added = {2010-08-19 17:58:20 -0400},
	Date-Modified = {2010-08-19 18:04:08 -0400},
	Month = {May},
	Title = {The {AxPyMOL} Molecular Graphics Plugin for {Microsoft PowerPoint}, Version~1.0},
	Year = {2010}}

@unpublished{JyMOL,
	Author = {{Schr\"odinger, LLC}},
	Date-Added = {2010-08-19 17:55:56 -0400},
	Date-Modified = {2010-08-19 18:08:56 -0400},
	Month = {August},
	Title = {The {JyMOL} Molecular Graphics Development Component, Version~1.0},
	Year = {2010}}

@unpublished{PyMOL,
	Annote = {PyMOL

The PyMOL Molecular Graphics System, Version 1.3, Schr{\"o}dinger, LLC.},
	Author = {{Schr\"odinger, LLC}},
	Date-Added = {2010-08-19 17:29:55 -0400},
	Date-Modified = {2010-08-19 18:08:54 -0400},
	Month = {August},
	Title = {The {PyMOL} Molecular Graphics System, Version~1.3r1},
	Year = {2010}}
@incollection{Izrailev1998,
year={1999},
isbn={978-3-540-63242-9},
booktitle={Computational Molecular Dynamics: Challenges, Methods, Ideas},
editor={Deuflhard, Peter and Hermans, Jan and Leimkuhler, Benedict and Mark, AlanE. and Reich, Sebastian and Skeel, RobertD.},
doi={10.1007/978-3-642-58360-5_2},
title={Steered Molecular Dynamics},
publisher={Springer Berlin Heidelberg},
author={Izrailev, Sergei and Stepaniants, Sergey and Isralewitz, Barry and Kosztin, Dorina and Lu, Hui and Molnar, Ferenc and Wriggers, Willy and Schulten, Klaus},
pages={39-65},
language={English}
}
@article{Gram1884,
author = {Gram, H C},
journal = {Frotschritte der Mdeizin},
pages = {185 - 189},
title = {{\"U}ber die isolierte F{\"a}rbung der Schizomyceten in Schnitt- und Trockenpr{\"a}paraten},
volume = {2},
year = {1884}
}
@article{White2015,
author = {White, Stephen},
journal = {http://blanco.biomol.uci.edu/mpstruc/},
title = {{Membrane Proteins of Known Structure}},
}
@article{Comitani2015,
title = "Elucidating ligand binding and channel gating mechanisms in pentameric ligand-gated ion channels by atomistic simulations",
keywords = "pentameric ligand-gated ion channels, GABA receptors, 5-HT3 receptor, nicotinic acetylcholine receptor, homology modelling, ligand-protein docking, molecular dynamics, density functional theory, metadynamics, X-RAY-STRUCTURE, 5-HT3 RECEPTOR, MOLECULAR-DYNAMICS, GABA(C) RECEPTOR, CONFORMATION, PERMEATION, SEROTONIN, TYROSINE",
author = "Federico Comitani and Claudio Melis and Carla Molteni",
year = "2015",
volume = "43",
pages = "151--156",
journal = "Biochemical Society Transactions",
}
@incollection{Bayley2008x,
author = {Bayley, H and Luchian, T and Shin, S-H and Steffensen, M},
booktitle = {Single Molecule Covalent Chemistry in a Protein Nanoreactor},
pages = {251-277},
publisher = {Springer, Heidelberg},
title = {{Single Molecules and Nanotechnology}},
year = {2008}
}
@book{Herold2009,
editor = {Herold, K. E and Rasooly, A},
isbn = {9781904455462},
publisher = {Caister Academic Press},
title = {{Lab-on-a-chip Technology: Fabrication and Microfluidics}},
year = {2009}
}
@misc{VanderSpoel2013,
author = {van der Spoel, D and Lindahl, E and Hess, B},
title = {{GROMACS User Manual version 4.6.5}},
}
@Article{Hunter2007,
Author    = {Hunter, J. D.},
Title     = {Matplotlib: A 2D graphics environment},
Journal   = {Computing In Science \& Engineering},
Volume    = {9},
Pages     = {90--95},
year      = {2007}
}
@Article{Domene2008,
Author	= {Carmen Domene and Michael L. Klein and Davide Branduardi and Francesco L. Gervasio and Michele Parrinello},
Title = {Conformational Changes and Gating at the Selectivity Filter of Potassium Channels},
Journal = {Journal of the American Chemical Society},
Volume = {130},
Pages = {9474-9480},
Year = {2008},
}


